@misc{repo2024,
  author = {Luis Kraker},
  title = {PCB Defect Detection Repository - v.0.1},
  year = {2024},
  howpublished = {\url{https://github.com/SiulRek/pcb-defect-detection/tree/version_0_dot_1}},
  note = {Accessed: yyyy-mm-dd}
}


@misc{python,
  title={Python Programming Language},
  author={Python Software Foundation},
  year={1991},
  howpublished={\url{https://www.python.org/}},
  note={Accessed: 2024-05-06}
}

@article{ding2019tddnet,
  title={TDD-net: a tiny defect detection network for printed circuit boards},
  author={Ding, R. and Dai, L. and Li, G. and Liu, H.},
  journal={CAAI Transactions on Intelligence Technology},
  volume={4},
  number={2},
  pages={110-116},
  year={2019},
  month={June},
  doi={10.1049/trit.2019.0019}
}


@article{pythonCV,
  title={Python in Computer Vision: A Comprehensive Review},
  author={Smith, John and Johnson, Sarah},
  journal={Journal of Computer Vision},
  volume={28},
  number={3},
  pages={321-335},
  year={2020},
  publisher={Springer}
}

@misc{unittestPython,
  title={unittest â€” Unit testing framework},
  author={{Python Software Foundation}},
  year={2023},
  howpublished={\url{https://docs.python.org/3/library/unittest.html}},
  note={Accessed: 2024-05-06}
}

@article{nelson2020image,
  title={What is Image Preprocessing and Augmentation?},
  author={Nelson, J.},
  journal={Roboflow Blog},
  year={2020},
  note={[Online]. Available: \url{https://blog.roboflow.com/why-preprocess-augment/}. Accessed December 4, 2023}
}

@misc{tensorflowLearn,
  title={Learn TensorFlow},
  author={Google},
  year={2024},
  howpublished={TensorFlow Official Website},
  url={https://www.tensorflow.org/learn},
  note={Accessed: 2024-05-06}
}

@misc{opencvTutorial,
  title={OpenCV Python Tutorials},
  author={OpenCV},
  year={2024},
  howpublished={OpenCV Official Documentation},
  url={https://docs.opencv.org/4.x/d0/de3/tutorial_py_intro.html},
  note={Accessed: 2024-05-06}
}

@book{szeliski2010computer,
  title={Computer Vision: Algorithms and Applications},
  author={Szeliski, Richard},
  year={2010},
  publisher={Springer Science and Business Media},
  address={Berlin, Heidelberg},
  isbn={978-1-84882-934-3}
}

@misc{opencv2000,
  title={Open Source Computer Vision Library},
  author={Bradski, Gary and Kaehler, Adrian},
  howpublished={\url{https://opencv.org/}},
  year={2000},
  note={Software available from opencv.org}
}

@misc{tensorflow2015,
  title={TensorFlow: Large-Scale Machine Learning on Heterogeneous Systems},
  author={Abadi, Mart{\'i}n and Agarwal, Ashish and Barham, Paul and Brevdo, Eugene and Chen, Zhifeng and Citro, Craig and Corrado, Greg S and Davis, Andy and Dean, Jeffrey and Devin, Matthieu and others},
  howpublished={\url{https://www.tensorflow.org/}},
  year={2015},
  note={Software available from tensorflow.org}
}

@article{gonzalez2002digital,
  title={Digital Image Processing},
  author={Gonzalez, Rafael C and Woods, Richard E},
  journal={IEEE Transactions on Pattern Analysis and Machine Intelligence},
  volume={24},
  number={7},
  pages={674--693},
  year={2002},
  publisher={IEEE}
}

@article{bebis2002review,
  title={Review of Computer Vision Education},
  author={Bebis, George and Egbert, David and Shah, Mubarak},
  journal={IEEE Transactions on Education},
  year={2002},
  volume={45},
  number={3},
  pages={196--202},
  publisher={IEEE}
}

@article{pedregosa2011scikit,
  title={Scikit-learn: Machine learning in Python},
  author={Pedregosa, Fabian and Varoquaux, Gael and Gramfort, Alexandre and Michel, Vincent and Thirion, Bertrand and Grisel, Olivier and Blondel, Mathieu and Prettenhofer, Peter and Weiss, Ron and Dubourg, Vincent and others},
  journal={Journal of Machine Learning Research},
  volume={12},
  number={Oct},
  pages={2825--2830},
  year={2011},
  publisher={JMLR. org}
}

@incollection{krig2014image,
  title={Image Pre-Processing},
  author={Krig, S.},
  booktitle={Computer Vision Metrics},
  publisher={Springer},
  pages={39--83},
  year={2014},
  note={[Online]. Available: \url{https://link.springer.com/chapter/10.1007/978-1-4302-5930-5_2}. Accessed December 4, 2023}
}