@book{exampleBook,
  author    = {Author, A.},
  title     = {Title of the Book},
  publisher = {Publisher},
  year      = {2020},
  address   = {City},
  edition   = {2nd}
}

@article{exampleArticle,
  author  = {Author, B. and Collaborator, C.},
  title   = {Title of the Article},
  journal = {Journal Name},
  year    = {2021},
  volume  = {10},
  number  = {2},
  pages   = {123-456}
}

@misc{exampleWebsite,
  author = {Author, D.},
  title  = {Title of the Web Page},
  year   = {2022},
  url    = {https://www.example.com},
  note   = {Accessed: 2023-12-10}
}

@inproceedings{examplePaper,
  author    = {Author, E. and Collaborator, F.},
  title     = {Title of the Conference Paper},
  booktitle = {Proceedings of the Conference},
  year      = {2023},
  pages     = {789-1011},
  organization = {Conference Organizer}
}
