
@misc{kaggle_house_price_prediction,
  title = {House Price Prediction},
  author = {Shubham2703},
  howpublished = {\url{https://www.kaggle.com/code/shubham2703/house-price-prediction}},
  year = {2023}
}

@book{deisenroth2020mathematics,
  title={Mathematics for Machine Learning},
  author={Deisenroth, Marc Peter and Faisal, A. Aldo and Ong, Cheng Soon},
  year={2020},
  publisher={Cambridge University Press}
}

@misc{katalon_ai_ml_testing,
  title = {A Complete Guide To AI/ML Software Testing},
  author = {Katalon},
  howpublished = {\url{https://katalon.com/resources-center/blog/ai-ml-in-software-testing}},
  note = {Accessed: [28. December 2023]},
  year = {2023}
}

@misc{saucelabs_ai_ml_testing,
  title = {Using AI/ML and Production Data to Improve Software Testing},
  author = {Saucelabs},
  howpublished = {\url{https://saucelabs.com/resources/blog/using-aiml-and-production-data-to-improve-software-testing}},
  note = {Accessed: [28. December 2023]},
  year = {2019}
}

