@article{mckinsey2024,
  title={Advanced driver-assistance systems: Challenges and opportunities ahead},
  author={Seunghyuk Choi and Florian Thalmayr and Dominik Wee and Florian Weig},
  year={2016},
  journal={McKinsey and Company},
  url={https://www.mckinsey.com/industries/semiconductors/our-insights/advanced-driver-assistance-systems-challenges-and-opportunities-ahead}
}
@article{sensorTech2024,
  title={Advanced Driver-Assistance Systems: A Path Toward Autonomous Vehicles},
  author={Vipin Kumar Kukkala and Jordan Tunnell and Sudeep Pasricha and Thomas Bradley},
  year={2018},
  journal={IEEE Consumer Electronics Magazine},
  volume={7},
  number={5},
  pages={18-25},
  doi={10.1109/MCE.2018.2828440},
  url={https://www.researchgate.net/publication/327253343_Advanced_Driver-Assistance_Systems_A_Path_Toward_Autonomous_Vehicles}
}
@article{tataElxsi2024,
  title={Introduction to AD/ADAS: A Comprehensive Guide to the Future of Driving},
  author={Kharnal Anuj},
  year={2024},
  journal={Tata Elxsi Blog},
  url={https://blog.tataelxsi.com/en/introduction-to-ad-adas}
}
@article{speedgoat2024,
  title={Advanced Driver-Assistance Systems and Automated Driving},
  year={2024},
  author={{Unknown Author}},
  journal={Speedgoat},
  url={https://www.speedgoat.com/solutions/industries/automotive/adas-ad}
}
@article{mathworks2024,
  title={ADAS - MATLAB \& Simulink},
  year={2024},
  author={{Unknown Author}},
  journal={MathWorks},
  url={https://www.mathworks.com/discovery/adas.html}
}
@misc{niADAS2024,
  title={What is ADAS? Advanced Driver Assistance Systems Basics},
  author={{National Instruments}},
  year={2024},
  url={https://www.ni.com/en/solutions/transportation/adas-and-autonomous-driving-testing/what-is-adas.html}
}
@article{adasTrends2024,
  title={Object Detection, Recognition, and Tracking Algorithms for ADASsâ€”A Study on Recent Trends},
  author={Shivanna Vinay Malligere and Guo Jiun-In},
  year={2024},
  journal={Sensors},
  volume={24},
  number={1},
  pages={249},
  doi={10.3390/s24010249},
  url={https://www.mdpi.com/1424-8220/24/1/249}
}
@article{simulationTest2024,
  title={A Simulation-Based Testing and Validation Framework for ADAS Development},
  author={Tong Duy Son},
  year={2017},
  journal={ResearchGate}
}
@article{virtualTesting2024,
  title={Simulation Based Virtual Testing for Safety of ADAS Algorithms - Case Studies},
  author={{Unknown Author}},
  year={2021},
  journal={SAE Technical Papers},
  url={https://www.sae.org/publications/technical-papers/content/2021-01-0114/}
}
@article{fevDriver2024,
  title={Cost Effective Automotive Platform for ADAS and Autonomous Development},
  author={Alzu'bi Hamzeh and Dwyer Brian and Nagaraj Sarika and Pischinger Martin and Quail Alanna},
  year={2018},
  journal={SAE Technical Paper 2018-01-0588},
  url={https://www.sae.org/publications/technical-papers/content/2018-01-0588/}
}
@article{aebVerification2024,
  title={A Rapid Verification System for Automatic Emergency Braking Control Algorithm of Passenger Car},
  author={Jun Xu and Liangyu Li and Ran Zhao and Feng Deng and Gangyan Li},
  year={2023},
  journal={MPDI},
  url={https://www.mdpi.com/2076-3417/13/1/508}
}
