@Book{Mendel2007,
  author    = {{S. Mendel, C. Vogel}},
  title     = {On the Compensation of Magnitude Response Mismatches in M-channel Time-interleaved ADCs},
  year      = {2007},
  pages     = {3375-3378},
  month     = {May},
  issn      = {0271-4302},
  journal   = {007 IEEE International Symposium on Circuits and Systems},
  booktitle = {2007 IEEE International Symposium on Circuits and Systems},
  doi       = {10.1109/ISCAS.2007.378291},
  keywords  = {analogue-digital conversion;compensation;FIR filters;linear phase filters;time-interleaved analog-to-digital converters;linear-phase FIR filters;magnitude response mismatches;spurious free dynamic range;Finite impulse response filter;Frequency response;Analog-digital conversion;Sampling methods;Laboratories;Signal processing;Dynamic range;Application software;Bandwidth;Fourier transforms},
}

@Book{MowlaeePejman2016,
  title        = {Phase-Aware Signal Processing in Speech Communication: Theory and Practice},
  publisher    = {John Wiley \& Sons},
  year         = {2016},
  author       = {{P. Mowlaee, J. Kulmer, J. Stahl, F. Mayer}},
  isbn         = {978-1-119-23881-2},
  organization = {John Wiley \& Sons},
  pages        = {256},
}

@Article{MayerEtAl2017,
  author  = {{F. Mayer, D. Williamson, P. Mowlaee, D. Wang}},
  title   = {Impact of Phase Estimation on Single-Channel Speech Separation Based on Time-Frequency Masking},
  journal = {Journal of the Acoustical Society of America (JASA)},
  year    = {2017},
  volume  = {141},
  number  = {6},
  pages   = {4668-4679},
}

@Standard{Prechtl2006,
  title        = {Regelungstechnik und Steuerungstechnik. Allgemeine Grundbegriffe},
  organization = {Leittechnik.},
  author       = {Norm DIN 19226-1},
  address      = {Berlin: Beuth},
  year         = {1994},
}

@TechReport{Mathworks2017,
  author      = {The Mathworks},
  title       = {MATLAB mathematics. R2017a},
  institution = {Nattick: The Mathworks},
  year        = {2017},
}

@Book{Okorn2017,
  title     = {Halbleitertechnik},
  publisher = {Graz, Vorlesungskript FH JOANNEUM},
  year      = {2017},
  author    = {R. Okorn},
}

@Electronic{Goeschka,
  author    = {K. M. Göschka},
  year      = {2006},
  title     = {Merkblatt für den Aufbau wissenschaftlicher Arbeiten},
  note      = {[Zugriff am 14.03.2012]},
  url       = {http://www.infosys.tuwien.ac.at/staff/kmg/Merkblatt.pdf.  },
  comment   = {[Zugriff am 14.03.2012]},
  timestamp = {2012-03-14},
}
